% This file was created with JabRef 2.7b.
% Encoding: ISO8859_1

@BOOK{Frenkel2002,
  title = {Understanding Molecular Simulations},
  publisher = {Academic Press},
  year = {2002},
  editor = {Second Edition},
  author = {Frenkel, D. and Smit, B.},
  doi = {10.1016/B978-012267351-1/50006-7},
  owner = {chris},
  timestamp = {2012.03.26}
}

@ARTICLE{Lennard-Jones1924,
  author = {Lennard-Jones, J.E.},
  title = {The Determination of Molecular Fields I \& II},
  journal = {Proc. R. Soc. Lon. Ser-A},
  year = {1924},
  volume = {106A},
  pages = {441-477},
  doi = {10.1098/rspa.1924.0081},
  owner = {chris},
  timestamp = {2012.03.26}
}

@ARTICLE{Maginn2010,
  author = {Maginn, E. J. and Elliott, J. R.},
  title = {Historical Perspective and Current Outlook for Molecular Dynamics
	As a Chemical Engineering Tool},
  journal = {Ind. Eng. Chem. Res.},
  year = {2010},
  volume = {49},
  pages = {3059-3078},
  doi = {10.1021/ie901898k},
  owner = {chris},
  timestamp = {2012.03.19}
}

@ARTICLE{Rahman1964,
  author = {A Rahman},
  title = {Correlations in the Motion of Atoms in Liquid Argon},
  journal = {Phys. Rev.},
  year = {1964},
  volume = {136},
  pages = {A405-A411},
  doi = {10.1103/PhysRev.136.A405},
  owner = {chris},
  timestamp = {2012.03.26}
}

